<record><leader>00000cas a22000007a 4500</leader><controlfield tag="001">11193705</controlfield><controlfield tag="008">840925d18681868mtuir ne      0    0eng d</controlfield><datafield ind1=" " ind2=" " tag="010"><subfield code="a">sn 84027515 </subfield></datafield><datafield ind1=" " ind2=" " tag="040"><subfield code="a">NPU</subfield><subfield code="b">eng</subfield><subfield code="c">NPU</subfield><subfield code="d">DLC</subfield><subfield code="d">OCLCQ</subfield></datafield><datafield ind1=" " ind2=" " tag="042"><subfield code="a">msc</subfield></datafield><datafield ind1="0" ind2="0" tag="050"><subfield code="a">Newspaper</subfield></datafield><datafield ind1="0" ind2=" " tag="130"><subfield code="a">Tri-weekly Democrat (Virginia City, Mont.)</subfield></datafield><datafield ind1="1" ind2="0" tag="245"><subfield code="a">Tri-weekly Democrat.</subfield></datafield><datafield ind1="3" ind2="0" tag="246"><subfield code="a">Triweekly Democrat</subfield></datafield><datafield ind1="1" ind2="3" tag="246"><subfield code="a">Montana Democrat</subfield></datafield><datafield ind1="1" ind2="3" tag="246"><subfield code="a">Democrat</subfield></datafield><datafield ind1=" " ind2=" " tag="260"><subfield code="a">Virginia City, Montana Territory [i.e. Mont.] :</subfield><subfield code="b">John P. Bruce,</subfield><subfield code="c">1868.</subfield></datafield><datafield ind1=" " ind2=" " tag="300"><subfield code="a">v. ;</subfield><subfield code="c">56 cm.</subfield></datafield><datafield ind1=" " ind2=" " tag="310"><subfield code="a">Triweekly</subfield></datafield><datafield ind1="0" ind2=" " tag="362"><subfield code="a">V. 1, no. 40 (July 11, 1868).</subfield></datafield><datafield ind1="1" ind2=" " tag="362"><subfield code="a">Began with Apr. 11, 1868 issue?</subfield></datafield><datafield ind1=" " ind2=" " tag="500"><subfield code="a">Sometimes published as: Montana Democrat.</subfield></datafield><datafield ind1=" " ind2=" " tag="580"><subfield code="a">Other editions available: Montana Democrat; Weekly Montana Democrat.</subfield></datafield><datafield ind1=" " ind2=" " tag="588"><subfield code="a">Description based on: Vol. 1, no. 30 (June 18, 1868).</subfield></datafield><datafield ind1=" " ind2=" " tag="752"><subfield code="a">United States</subfield><subfield code="b">Montana</subfield><subfield code="c">Madison</subfield><subfield code="d">Virginia City.</subfield></datafield><datafield ind1="1" ind2=" " tag="775"><subfield code="t">Montana Democrat (Virginia City, Mont. : 1865)</subfield><subfield code="w">(DLC)sn 85042361</subfield></datafield><datafield ind1="1" ind2=" " tag="775"><subfield code="t">Weekly Montana Democrat</subfield><subfield code="w">(DLC)sn 85042362</subfield></datafield><datafield ind1="0" ind2="0" tag="785"><subfield code="t">Montana Democrat, tri-weekly</subfield><subfield code="w">(DLC)sn 85042360</subfield></datafield><datafield ind1="1" ind2=" " tag="029"><subfield code="a">AU@</subfield><subfield code="b">000026223530</subfield></datafield></record>